@article{1,
  title={Polynomial-time algorithms for prime factorization and discrete logarithms on a quantum computer},
  author={Shor, Peter W},
  journal={SIAM review},
  volume={41},
  number={2},
  pages={303--332},
  year={1999},
  publisher={SIAM}
}

@misc{ve475,
    title="Introduction to Cryptography Summer 2020, ve475.pdf",
    author={M. Charlemagne}
}

@misc{qm,
      title={Quantum Mechanics},
      url={https://en.wikipedia.org/wiki/Quantum_mechanics}
      }